/Users/karenyng/Documents/illustris_analysis/paper/galaxyDMoffset.bib