/Users/karenyng/Documents/illustris_analysis/paper/Rpackage.bib